@techreport{tupes1958,
  title={Stability of personality trait rating factors obtained under diverse conditions},
  author={Tupes, Ernest C and Christal, Raymond C},
  year={1958},
  institution={WRIGHT AIR DEVELOPMENT CENTER WRIGHT-PATTERSON AFB OH}
}

@techreport{tupes1961,
  title={Recurrent personality factors based on trait ratings},
  author={Tupes, Ernest C and Christal, Raymond E},
  year={1961},
  institution={PERSONNEL RESEARCH LAB LACKLAND AFB TX}
}

@article{norman1963,
  title={Toward an adequate taxonomy of personality attributes: Replicated factor structure in peer nomination personality ratings.},
  author={Norman, Warren T},
  journal={The Journal of Abnormal and Social Psychology},
  volume={66},
  number={6},
  pages={574},
  year={1963},
  publisher={American Psychological Association}
}

@article{kaiser1971,
  title={Relating factors between studies based upon different individuals},
  author={Kaiser, Henry and Hunka, Steve and Bianchini, John},
  journal={Multivariate Behavioral Research},
  volume={6},
  number={4},
  pages={409--422},
  year={1971},
  publisher={Taylor \& Francis}
}

@article{john1999,
  title={The Big Five trait taxonomy: History, measurement, and theoretical perspectives},
  author={John, Oliver P and Srivastava, Sanjay},
  journal={Handbook of personality: Theory and research},
  volume={2},
  number={1999},
  pages={102--138},
  year={1999},
  publisher={Guilford}
}
